<?xml version="1.0" encoding="UTF-8"?>

<collection xmlns="http://www.loc.gov/MARC21/slim">
 <!-- FIRST INCREMENTAL -->
 <!-- INSTANCE:brock -->
 <record>
  <leader>-----nas-a2200000z--4500</leader>
  <controlfield tag="008">141023uuuuuuuuuxx-uu-|------u|----|eng-d</controlfield>
  <datafield tag="010" ind1="" ind2="">
   <subfield code="a">   76646971 </subfield>
  </datafield>
  <datafield tag="245" ind1="" ind2="0">
   <subfield code="a">Journal of health politics, policy and law</subfield>
  </datafield>
  <datafield tag="210" ind1="" ind2="">
   <subfield code="a">J HEALTH POLIT POLICY LAW</subfield>
  </datafield>
  <datafield tag="210" ind1="" ind2="">
   <subfield code="a">J HEALTH POLIT POLIC</subfield>
  </datafield>
  <datafield tag="210" ind1="" ind2="">
   <subfield code="a">J HEALTH P</subfield>
  </datafield>
  <datafield tag="210" ind1="" ind2="">
   <subfield code="a">JOURNAL OF HEALTH POLITICS POLIC</subfield>
  </datafield>
  <datafield tag="210" ind1="" ind2="">
   <subfield code="a">JOURNAL OF HEALTH POLITICS POLICY AND LAWS</subfield>
  </datafield>
  <datafield tag="210" ind1="" ind2="">
   <subfield code="a">JOURNAL OF HEALTH POLITICS, POLICY &amp; LAW</subfield>
  </datafield>
  <datafield tag="210" ind1="" ind2="">
   <subfield code="a">J. HEALTH POLIT. POLICY LAW</subfield>
  </datafield>
  <datafield tag="260" ind1="" ind2="">
   <subfield code="a">[Durham, N.C.,]</subfield>
   <subfield code="b">[Duke University Press]</subfield>
  </datafield>
  <datafield tag="022" ind1="" ind2="">
   <subfield code="a">0361-6878</subfield>
  </datafield>
  <datafield tag="776" ind1="" ind2="">
   <subfield code="x">1527-1927</subfield>
  </datafield>
  <datafield tag="090" ind1="" ind2="">
   <subfield code="a">954921391986</subfield>
  </datafield>
  <datafield tag="866" ind1="" ind2="">
   <subfield code="a">Available from 1976 volume: 1 issue: 1. </subfield>
   <subfield code="b">$obj-&gt;parsedDate('&gt;=','1976','1','1')</subfield>
   <subfield code="c">L</subfield>
   <subfield code="s">1000000000001209</subfield>
   <subfield code="t">1000000000000619</subfield>
   <subfield code="x">Highwire Press Duke University Press:Full Text</subfield>
   <subfield code="z">1000000000121639</subfield>
  </datafield>
 </record>