
 <record>
  <leader>-----nas-a2200000z--4500</leader>
  <controlfield tag="008">141023uuuuuuuuuxx-uu-|------u|----|eng-d</controlfield>
  <datafield tag="010" ind1="" ind2="">
   <subfield code="a">   66099830 </subfield>
  </datafield>
  <datafield tag="245" ind1="" ind2="0">
   <subfield code="a">Journal of music theory</subfield>
  </datafield>
  <datafield tag="260" ind1="" ind2="">
   <subfield code="a">New Haven, Conn.</subfield>
   <subfield code="b">Yale School of Music</subfield>
  </datafield>
  <datafield tag="022" ind1="" ind2="">
   <subfield code="a">0022-2909</subfield>
  </datafield>
  <datafield tag="776" ind1="" ind2="">
   <subfield code="x">1941-7497</subfield>
  </datafield>
  <datafield tag="090" ind1="" ind2="">
   <subfield code="a">954925415949</subfield>
  </datafield>
  <datafield tag="866" ind1="" ind2="">
   <subfield code="a">Available from 1999 volume: 43 issue: 1 until 2005 volume: 49 issue: 1. </subfield>
   <subfield code="b">$obj-&gt;parsedDate('&gt;=','1999','43','1') &amp;&amp; $obj-&gt;parsedDate('&lt;=','2005','49','1')</subfield>
   <subfield code="c">L</subfield>
   <subfield code="s">1000000000001209</subfield>
   <subfield code="t">1000000000000619</subfield>
   <subfield code="x">Highwire Press Duke University Press:Full Text</subfield>
   <subfield code="z">1000000000786531</subfield>
  </datafield>
 </record>