
 <record>
  <leader>-----nas-a2200000z--4500</leader>
  <controlfield tag="008">141023uuuuuuuuuxx-uu-|------u|----|eng-d</controlfield>
  <datafield tag="010" ind1="" ind2="">
   <subfield code="a">   08000084 </subfield>
  </datafield>
  <datafield tag="245" ind1="" ind2="4">
   <subfield code="a">The South Atlantic quarterly</subfield>
  </datafield>
  <datafield tag="210" ind1="" ind2="">
   <subfield code="a">SOUTH ATLANTIC QUARTERLY</subfield>
  </datafield>
  <datafield tag="210" ind1="" ind2="">
   <subfield code="a">SAQ SOUTH ATLANTIC QUARTERLY</subfield>
  </datafield>
  <datafield tag="210" ind1="" ind2="">
   <subfield code="a">SAQ THE SOUTH ATLANTIC QUARTERLY</subfield>
  </datafield>
  <datafield tag="210" ind1="" ind2="">
   <subfield code="a">S ATL QUART</subfield>
  </datafield>
  <datafield tag="210" ind1="" ind2="">
   <subfield code="a">SOUTH ATL Q</subfield>
  </datafield>
  <datafield tag="210" ind1="" ind2="">
   <subfield code="a">SAQ</subfield>
  </datafield>
  <datafield tag="210" ind1="" ind2="">
   <subfield code="a">S ATL Q</subfield>
  </datafield>
  <datafield tag="210" ind1="" ind2="">
   <subfield code="a">S. ATL. Q</subfield>
  </datafield>
  <datafield tag="260" ind1="" ind2="">
   <subfield code="a">[Durham, N.C.,]</subfield>
   <subfield code="b">[Duke University Press, etc.]</subfield>
  </datafield>
  <datafield tag="022" ind1="" ind2="">
   <subfield code="a">0038-2876</subfield>
  </datafield>
  <datafield tag="776" ind1="" ind2="">
   <subfield code="x">1527-8026</subfield>
  </datafield>
  <datafield tag="090" ind1="" ind2="">
   <subfield code="a">954925446706</subfield>
  </datafield>
  <datafield tag="866" ind1="" ind2="">
   <subfield code="a">Available from 2000 volume: 99 issue: 1. </subfield>
   <subfield code="b">$obj-&gt;parsedDate('&gt;=','2000','99','1')</subfield>
   <subfield code="c">L</subfield>
   <subfield code="s">1000000000001209</subfield>
   <subfield code="t">1000000000000619</subfield>
   <subfield code="x">Highwire Press Duke University Press:Full Text</subfield>
   <subfield code="z">1000000000121626</subfield>
  </datafield>
 </record>