
 <record>
  <leader>-----nas-a2200000z--4500</leader>
  <controlfield tag="008">141023uuuuuuuuuxx-uu-|------u|----|eng-d</controlfield>
  <datafield tag="010" ind1="" ind2="">
   <subfield code="a">   89644254 </subfield>
  </datafield>
  <datafield tag="245" ind1="" ind2="0">
   <subfield code="a">Public culture</subfield>
  </datafield>
  <datafield tag="210" ind1="" ind2="">
   <subfield code="a">PUBLIC CULT</subfield>
  </datafield>
  <datafield tag="260" ind1="" ind2="">
   <subfield code="a">Philadelphia, PA</subfield>
   <subfield code="b">Duke University Press</subfield>
  </datafield>
  <datafield tag="022" ind1="" ind2="">
   <subfield code="a">0899-2363</subfield>
  </datafield>
  <datafield tag="776" ind1="" ind2="">
   <subfield code="x">1527-8018</subfield>
  </datafield>
  <datafield tag="090" ind1="" ind2="">
   <subfield code="a">954925561583</subfield>
  </datafield>
  <datafield tag="866" ind1="" ind2="">
   <subfield code="a">Available from 2000 volume: 12 issue: 1. </subfield>
   <subfield code="b">$obj-&gt;parsedDate('&gt;=','2000','12','1')</subfield>
   <subfield code="c">L</subfield>
   <subfield code="s">1000000000001209</subfield>
   <subfield code="t">1000000000000619</subfield>
   <subfield code="x">Highwire Press Duke University Press:Full Text</subfield>
   <subfield code="z">1000000000121647</subfield>
  </datafield>
 </record>