
 <record>
  <leader>-----nas-a2200000z--4500</leader>
  <controlfield tag="008">141023uuuuuuuuuxx-uu-|------u|----|eng-d</controlfield>
  <datafield tag="010" ind1="" ind2="">
   <subfield code="a">   97661025 </subfield>
  </datafield>
  <datafield tag="245" ind1="" ind2="0">
   <subfield code="a">GLQ</subfield>
  </datafield>
  <datafield tag="210" ind1="" ind2="">
   <subfield code="a">GLQ A JOURNAL OF LESBIAN AND GAY STUDIES</subfield>
  </datafield>
  <datafield tag="210" ind1="" ind2="">
   <subfield code="a">GL Q A JOURNAL OF LESBIAN AND GAY STUDIES</subfield>
  </datafield>
  <datafield tag="210" ind1="" ind2="">
   <subfield code="a">GLQ-J LESBIAN GAY ST</subfield>
  </datafield>
  <datafield tag="210" ind1="" ind2="">
   <subfield code="a">GLQ</subfield>
  </datafield>
  <datafield tag="210" ind1="" ind2="">
   <subfield code="a">GLQ-J. LESBIAN GAY STUD</subfield>
  </datafield>
  <datafield tag="260" ind1="" ind2="">
   <subfield code="a">Yverdon, Switzerland</subfield>
   <subfield code="b">Gordon and Breach Publishers</subfield>
  </datafield>
  <datafield tag="022" ind1="" ind2="">
   <subfield code="a">1064-2684</subfield>
  </datafield>
  <datafield tag="776" ind1="" ind2="">
   <subfield code="x">1527-9375</subfield>
  </datafield>
  <datafield tag="090" ind1="" ind2="">
   <subfield code="a">954925600664</subfield>
  </datafield>
  <datafield tag="866" ind1="" ind2="">
   <subfield code="a">Available from 2000 volume: 6 issue: 1. </subfield>
   <subfield code="b">$obj-&gt;parsedDate('&gt;=','2000','6','1')</subfield>
   <subfield code="c">L</subfield>
   <subfield code="s">1000000000001209</subfield>
   <subfield code="t">1000000000000619</subfield>
   <subfield code="x">Highwire Press Duke University Press:Full Text</subfield>
   <subfield code="z">1000000000121636</subfield>
  </datafield>
 </record>