
 <record>
  <leader>-----nas-a2200000z--4500</leader>
  <controlfield tag="008">141023uuuuuuuuuxx-uu-|------u|----|eng-d</controlfield>
  <datafield tag="010" ind1="" ind2="">
   <subfield code="a">   76012245 </subfield>
  </datafield>
  <datafield tag="245" ind1="" ind2="0">
   <subfield code="a">History of political economy</subfield>
  </datafield>
  <datafield tag="210" ind1="" ind2="">
   <subfield code="a">HIST POLIT ECON</subfield>
  </datafield>
  <datafield tag="210" ind1="" ind2="">
   <subfield code="a">HIST. POLIT. ECON</subfield>
  </datafield>
  <datafield tag="260" ind1="" ind2="">
   <subfield code="a">[Durham, N.C.,]</subfield>
   <subfield code="b">[Duke University Press]</subfield>
  </datafield>
  <datafield tag="022" ind1="" ind2="">
   <subfield code="a">0018-2702</subfield>
  </datafield>
  <datafield tag="776" ind1="" ind2="">
   <subfield code="x">1527-1919</subfield>
  </datafield>
  <datafield tag="090" ind1="" ind2="">
   <subfield code="a">954928372938</subfield>
  </datafield>
  <datafield tag="866" ind1="" ind2="">
   <subfield code="a">Available from 2000 volume: 32 issue: 1. </subfield>
   <subfield code="b">$obj-&gt;parsedDate('&gt;=','2000','32','1')</subfield>
   <subfield code="c">L</subfield>
   <subfield code="s">1000000000001209</subfield>
   <subfield code="t">1000000000000619</subfield>
   <subfield code="x">Highwire Press Duke University Press:Full Text</subfield>
   <subfield code="z">1000000000121638</subfield>
  </datafield>
 </record>