
 <record>
  <leader>-----nas-a2200000z--4500</leader>
  <controlfield tag="008">141023uuuuuuuuuxx-uu-|------u|----|eng-d</controlfield>
  <datafield tag="010" ind1="" ind2="">
   <subfield code="a">   89650873 </subfield>
  </datafield>
  <datafield tag="245" ind1="" ind2="0">
   <subfield code="a">Differences</subfield>
  </datafield>
  <datafield tag="210" ind1="" ind2="">
   <subfield code="a">DIFFERENCES JOURNAL OF FEMINIST CULTURAL STUDIES</subfield>
  </datafield>
  <datafield tag="210" ind1="" ind2="">
   <subfield code="a">DIFFERENCES A JOURNAL OF FEMINIST CULTURAL STUDIES</subfield>
  </datafield>
  <datafield tag="210" ind1="" ind2="">
   <subfield code="a">DIFFERENCES</subfield>
  </datafield>
  <datafield tag="260" ind1="" ind2="">
   <subfield code="a">Bloomington, IN</subfield>
   <subfield code="b">Duke University Press</subfield>
  </datafield>
  <datafield tag="022" ind1="" ind2="">
   <subfield code="a">1040-7391</subfield>
  </datafield>
  <datafield tag="776" ind1="" ind2="">
   <subfield code="x">1527-1986</subfield>
  </datafield>
  <datafield tag="090" ind1="" ind2="">
   <subfield code="a">954928373952</subfield>
  </datafield>
  <datafield tag="866" ind1="" ind2="">
   <subfield code="a">Available from 1999 volume: 11 issue: 1. </subfield>
   <subfield code="b">$obj-&gt;parsedDate('&gt;=','1999','11','1')</subfield>
   <subfield code="c">L</subfield>
   <subfield code="s">1000000000001209</subfield>
   <subfield code="t">1000000000000619</subfield>
   <subfield code="x">Highwire Press Duke University Press:Full Text</subfield>
   <subfield code="z">1000000000121632</subfield>
  </datafield>
 </record>