
 <record>
  <leader>-----nas-a2200000z--4500</leader>
  <controlfield tag="008">141023uuuuuuuuuxx-uu-|------u|----|eng-d</controlfield>
  <datafield tag="010" ind1="" ind2="">
   <subfield code="a">  2003202572</subfield>
  </datafield>
  <datafield tag="245" ind1="" ind2="0">
   <subfield code="a">Labor: Studies in Working-Class History of the Americas</subfield>
  </datafield>
  <datafield tag="260" ind1="" ind2="">
   <subfield code="a">Durham, N.C.</subfield>
   <subfield code="b">Duke University Press</subfield>
  </datafield>
  <datafield tag="022" ind1="" ind2="">
   <subfield code="a">1547-6715</subfield>
  </datafield>
  <datafield tag="776" ind1="" ind2="">
   <subfield code="x">1558-1454</subfield>
  </datafield>
  <datafield tag="090" ind1="" ind2="">
   <subfield code="a">111085436321028</subfield>
  </datafield>
  <datafield tag="866" ind1="" ind2="">
   <subfield code="a">Available from 2004 volume: 1 issue: 1. </subfield>
   <subfield code="b">$obj-&gt;parsedDate('&gt;=','2004','1','1')</subfield>
   <subfield code="c">L</subfield>
   <subfield code="s">1000000000001209</subfield>
   <subfield code="t">1000000000000619</subfield>
   <subfield code="x">Highwire Press Duke University Press:Full Text</subfield>
   <subfield code="z">1000000000121641</subfield>
  </datafield>
 </record>