
 <record>
  <leader>-----nas-a2200000z--4500</leader>
  <controlfield tag="008">141023uuuuuuuuuxx-uu-|------u|----|eng-d</controlfield>
  <datafield tag="010" ind1="" ind2="">
   <subfield code="a">  2013201233</subfield>
  </datafield>
  <datafield tag="010" ind1="" ind2="">
   <subfield code="a">  2013201234</subfield>
  </datafield>
  <datafield tag="245" ind1="" ind2="0">
   <subfield code="a">Transgender studies quarterly</subfield>
  </datafield>
  <datafield tag="022" ind1="" ind2="">
   <subfield code="a">2328-9252</subfield>
  </datafield>
  <datafield tag="776" ind1="" ind2="">
   <subfield code="x">2328-9260</subfield>
  </datafield>
  <datafield tag="090" ind1="" ind2="">
   <subfield code="a">2550000001047799</subfield>
  </datafield>
  <datafield tag="866" ind1="" ind2="">
   <subfield code="a">Available from 2014 volume: 1 issue: 1. </subfield>
   <subfield code="s">1000000000001209</subfield>
   <subfield code="t">1000000000000619</subfield>
   <subfield code="x">Highwire Press Duke University Press:Full Text</subfield>
   <subfield code="z">3520000000010346</subfield>
  </datafield>
 </record>
</collection>
